@misc{Juniper,
  title = {{BGP Origin Validation}},
  author={{Juniper Networks}},
  howpublished = {\url{https://www.juniper.net/documentation/us/en/software/junos/bgp/topics/topic-map/bgp\_origin\_validation.html}},
  note = {Accessed: 2021-04-14}
}

